

% website
% as misc
% Required fields: none. 
% Optional fields: author, title, howpublished, month, year, note.
@misc{opendataTrentinoTrasporti,
  title = {Open Data Trentino Trasporti},
  howpublished = {https://www.trentinotrasporti.it/open-data},
  note = {Ultimo accesso 19/01/2022}
}

@misc{Telegram,
  title = {Telegram},
  howpublished = {https://telegram.org/},
  note = {Ultimo accesso 19/01/2022}
}

@misc{Mongodb,
  title = {MongoDB wikipedia},
  howpublished = {https://it.wikipedia.org/wiki/MongoDB},
  note = {Ultimo accesso 20/01/2022}
}

@misc{Redis,
  title = {Redis - Rapido datastore in memoria open source per l'utilizzo con database, caching, broker di messaggistica e code.},
  author = {Amazon aws},
  howpublished = {https://aws.amazon.com/it/redis/},
  note = {Ultimo accesso 20/01/2022}
}

@misc{SmarCity,
  title = {Smart City, che cosa sono e come funzionano le città intelligenti},
  author = {Luciana Maci},
  howpublished = {https://www.economyup.it/mobilita/smart-city-cosa-sono-davvero-e-a-che-punto-siamo-in-italia/},
  note = {Ultimo accesso 02/02/2022}
}

@misc{SmartMobility,
  title = {Smart mobility: che cos’è e come migliorerà le nostre città},
  author = {Luciana Maci},
  howpublished = {https://www.economyup.it/mobilita/smart-mobility-che-cose-e-come-migliorera-le-nostre-citta/},
  note = {Ultimo accesso 02/02/2022}
}





